1503 2636
506 214 638 245 2301·AE
659 216 708 245 m
728 215 896 246 LIBRUM
920 216 983 245 vr.
1235 209 1316 246 315

178 319 217 351 C·
230 321 281 351 46.
293 317 410 362 hurries}
423 317 451 350 δὲ
465 319 529 352 ἴθι-εἷ’
540 320 668 358 τουτέων,
684 319 780 352 modo
795 327 907 358 cetera,
921 318 1006 362 quod
1017 317 1109 350 valde
1124 317 1250 355 dubito,
1262 317 1317 349 de-

175 361 263 393 fendi
273 369 397 403 queant.
440 361 573 394 calculis
595 363 645 395 hic
671 370 703 394 et
727 363 969 394 consideratione
993 372 1089 393 nexus
1103 371 1210 392 rerum
1224 369 1318 392 uten-

173 404 253 435 dum
267 412 322 436 est.
366 403 538 442 Miltiades,
561 405 724 437 interfecto
741 417 758 436 a
773 406 923 438 Pisistrati
938 404 1009 436 filiis
1022 412 1110 446 patre
1126 404 1270 440 Cimone,
1283 403 1316 434 in

177 446 406 478 Chersonesum
434 447 570 480 Athenis
595 448 783 490 demigravit
807 450 845 480 C.
875 452 944 479 103.
995 449 1102 489 Itaque
1121 445 1177 478 sub
1201 455 1318 477 annum

175 490 248 520 Per.
271 490 286 520 J
290 489 331 521 ul.
355 493 449 522 4196.
471 498 523 522 aut
548 490 640 533 paulo
661 491 762 528 citius,
783 491 936 532 siquidem
963 489 1162 532 Hipparchus
1186 487 1320 530 Olymp.

176 542 269 563 wa.
283 534 318 564 P.
338 534 352 563 J
357 532 397 564 ul.
411 536 504 565 4198.
517 533 700 565 interemtus
710 533 864 565 occubuit.
907 533 1042 575 Hippias
1053 531 1251 574 tyrannidem
1267 542 1318 562 re-

174 575 268 617 liquit
280 575 396 606 invitus
412 575 540 618 Olymp.
556 587 657 607 van.
673 578 709 608 P.
724 578 740 607 J
743 576 783 607 uL
797 577 998 607 4202.Dario
1014 574 1209 617 Babylonem
1223 584 1316 616 eopse

175 625 317 660 tempore
340 617 499 648 obsidente
514 630 523 656 ς
546 630 606 662 qua
619 626 689 661 post
705 629 760 650 xx.
777 629 897 650 menses
911 625 1086 661 expugnata
1102 628 1156 648 rex
1170 624 1320 658 sequente

176 658 405 701 Olympiadein
420 661 550 702 Scythas
563 669 671 693 movet
686 662 800 692 comite
815 661 976 698 Miltiade,
996 670 1198 702 reversusque
1213 659 1318 690 Sardi-

172 699 232 733 b'us
246 702 311 744 agit
334 704 369 734 P.
393 704 408 734 J
413 703 453 734 ul.
473 715 554 735 anno
574 708 665 736 4206.
688 705 719 735 in
734 707 772 735 L.
787 716 818 741 v,
833 708 882 736 24.
924 703 1048 745 Scythae
1071 703 1230 734 Nomades
1247 709 1319 744 post

171 744 259 777 illam
272 745 362 776 Darii
375 746 605 788 expeditionem
626 747 738 779 irritati
760 747 792 777 in
808 748 1036 778 Chersonesum
1059 752 1241 781 excurrunt,
1266 756 1320 775 co-

174 795 316 830 guntque
332 787 514 820 Miltiadem
529 789 675 821 aliorsum
695 789 816 832 fugere.
862 791 942 822 Haec
960 789 984 820 si
996 799 1072 820 vero
1091 798 1154 819 non
1170 787 1318 819 dissident

174 830 251 872 quid
266 830 326 861 illis
339 829 394 862 fiet
412 833 507 863 νεωστὶ
521 833 571 872 μὲν
593 834 724 866 ἐληλύθεε
838 844 910 864 cum
925 840 996 863 ante
1010 831 1067 862 hos
1092 831 1200 862 decem
1221 841 1318 862 annos

173 873 206 903 in
230 873 422 905 Chersoneso
447 882 615 915 tyrannum
641 875 805 906 Miltiades
831 876 948 917 egerit:
973 874 1049 916 quid
1067 874 1156 917 ‹egla-go
1177 874 1228 913 μὲν
1254 874 1320 917 '73‘ss

173 917 387 955 ’ἔτεῖτουτέωνς
410 917 492 948 Vide
513 928 584 959 quae
605 926 835 960 consequuntur
856 918 972 955 statim,
993 920 1094 948 ταῦτα
1107 917 1158 957 μὲν
1180 915 1211 948 δὴ
1227 916 1318 959 ιτςίτῳ

171 958 237 989 ’ἔτεϊ
247 958 387 1004 πρότερον.
507 962 553 991 Ea
577 961 601 991 si
626 961 748 1002 signant
772 968 834 992 tres
858 968 981 992 notatos
1003 969 1108 996 annOS,
1121 959 1238 990 exitum
1253 968 1317 990 non

171 999 288 1033 habent
302 1014 309 1032 ι
333 1003 357 1033 si
373 1002 531 1035 Miltiadae
545 1003 683 1035 reditum
697 1003 912 1035 Doloncorum
927 1002 1052 1040 auxilio,
1065 1001 1193 1033 exilium
1208 1009 1316 1043 tyran-

172 1043 205 1075 ni
220 1043 396 1087 producunt
411 1045 600 1087 longissime,
619 1057 720 1088 neque
743 1055 919 1088 congruunt
937 1046 1017 1077 bene
1039 1055 1110 1076 curn
1130 1043 1318 1086 praefectura

172 1087 331 1119 maritima
347 1087 456 1120 Otanis
470 1090 507 1119 L.
523 1100 554 1126 v,
567 1092 618 1120 25.
633 1089 801 1130 Quomodo
812 1089 940 1120 demum
955 1098 1076 1129 cunque
1091 1086 1319 1128 intelligantur,

172 1131 214 1161 ’ναὶ
229 1131 295 1162 oron
311 1145 358 1171 μιν
372 1130 556 1172 κατέχοντα,
569 1132 627 1163 alia
642 1143 704 1163 esse
720 1140 891 1173 nequeunt,
901 1142 994 1174 quam
1006 1141 1076 1172 quae
1086 1129 1234 1161 continuo
1247 1139 1315 1161 suc-

173 1172 298 1205 cedunt.
339 1176 387 1205 At
398 1174 459 1205 hoc
474 1181 543 1205 tum
557 1175 629 1205 vide
645 1187 654 1213 ς
678 1174 813 1206 Miletus
835 1186 851 1205 a
867 1176 969 1206 Persis
982 1173 1122 1205 funditus
1136 1172 1317 1215 pessumda-

170 1223 203 1247 ta
218 1223 265 1248 est
280 1216 407 1258 Olymp.
424 1227 509 1248 an.
526 1218 597 1248 Per.
612 1220 634 1249 1.
658 1221 750 1248 1218.
770 1217 868 1248 altero
883 1225 953 1260 post
973 1216 1058 1247 urbis
1073 1226 1142 1246 eam
1158 1215 1316 1246 calamita-

171 1265 238 1290 tem
253 1269 333 1290 anno
349 1259 471 1291 Persica
486 1259 585 1291 classis
599 1259 711 1291 insulas
726 1260 854 1297 Chium,
867 1259 1007 1291 Lesbum
1029 1265 1061 1290 et
1081 1257 1249 1289 Tenedum
1263 1269 1316 1289 oc.

170 1302 299 1343 cupavit
310 1303 348 1334 C.
363 1307 414 1334 80.
427 1302 519 1344 hujus
533 1304 657 1334 Musae:
681 1303 764 1344 apud
774 1303 940 1334 Tenedum
956 1301 1128 1338 Phoenices‚
1136 1301 1250 1331 horum
1260 1311 1317 1332 au-

170 1349 237 1374 tem
252 1343 352 1375 classis
365 1345 498 1382 Persica,
512 1356 605 1387 agere
620 1353 655 1377 ut
670 1346 788 1387 accepit
801 1345 980 1382 Miltiades,
997 1343 1176 1380 convasatis,
1196 1353 1265 1385 quae
1281 1345 1313 1374 in

168 1395 298 1428 promtu
321 1395 420 1424 erant,
445 1388 523 1418 etin
539 1399 633 1419 naves
647 1388 794 1430 inpositis,
809 1389 942 1430 aufugit.
976 1387 1125 1418 Haeccine
1146 1386 1235 1429 τρίτῳ
1253 1387 1322 1418 'io-2?

169 1429 302 1473 τρὸτερον
316 1431 371 1462 νῦν
386 1431 453 1462 vste
467 1444 516 1470 μιν
530 1431 717 1472 ›convexare-m
733 1431 793 1462 dici
806 1438 891 1462 recte
906 1437 1033 1473 possunt
1048 1429 1183 1460 evenisse
1197 1428 1208 1460 ?
1231 1430 1314 1460 Ani-

169 1472 334 1504 madverte
350 1473 479 1504 inomni
494 1472 546 1504 illa
561 1481 741 1516 temporum
755 1474 913 1505 notatione
923 1472 1068 1509 maculas,
1076 1482 1151 1514 quas
1165 1472 1312 1514 equidem

168 1513 335 1557 detergere
349 1515 413 1547 sine
427 1515 683 1548 membranarum
705 1517 886 1559 adjumento
901 1526 1003 1559 neque
1018 1515 1130 1552 aude0,
1142 1524 1243 1557 neque
1257 1525 1316 1546 vo-

171 1556 212 1589 lo.
255 1559 369 1590 Wzss.

215 1602 292 1644 Pag.
301 1604 352 1633 56.
366 1603 392 1632 l.
405 1604 455 1633 16.
469 1602 535 1636 Τοὺς
551 1603 613 1633 ἀτό
628 1601 734 1634 τούτων
749 1616 781 1643 ιγ.
795 1601 946 1645 boabo-m]
962 1603 1036 1634 Non
1057 1607 1213 1643 repugnat
1227 1600 1314 1643 quod

169 1643 275 1675 scribit
290 1646 397 1675 Livius
413 1655 465 1681 XL,
480 1655 510 1676 c.
521 1648 549 1675 8.
563 1646 716 1677 sociabilem
730 1648 921 1677 consortionem
933 1648 1007 1676 inter
1017 1645 1091 1675 binos
1106 1646 1314 1675 Lacedaemoni-

167 1698 247 1718 orum
262 1688 349 1730 Reges
363 1689 516 1718 salutarem
526 1695 583 1730 per
604 1689 694 1719 multa
714 1690 805 1719 secula
826 1690 896 1731 ipsis
917 1687 1009 1719 fuisse
1019 1689 1185 1730 patriaeque.
1229 1687 1314 1718 Nam

166 1729 318 1771 privatim
332 1730 443 1772 saepius
456 1730 623 1762 adversarii
633 1731 696 1762 duo
711 1732 815 1773 Reges
825 1730 1136 1762 Lacedaemoniorum
1149 1729 1313 1760 unanimes

168 1772 385 1813 conspirabant
399 1773 430 1803 in
445 1772 578 1815 publicae
593 1773 639 1804 rei
654 1774 994 1816 commodisjuvandis3
1009 1779 1062 1804 aut
1077 1771 1172 1803 etiam
1183 1772 1264 1803 inter
1279 1782 1312 1802 se

168 1813 366 1846 laudabiliter
381 1815 538 1847 certabant
555 1818 617 1859 περὶ
633 1818 684 1848 τοῦ
697 1818 822 1860 δκὸτεξος
839 1817 922 1848 πλέω
937 1817 1040 1857 ἀγαθὰ
1056 1819 1107 1848 τὴν
1122 1814 1253 1858 πατρίδα
1269 1817 1312 1858 ἔρ·

168 1857 307 1897 γένεα-αι,
320 1866 356 1889 ut
369 1859 524 1889 Aristides
538 1859 676 1900 loquitur
701 1861 839 1891 Herodoti
859 1870 937 1897 vrn,
961 1870 986 1890 c.
1011 1861 1062 1890 79.
1083 1859 1196 1899 Neque
1209 1858 1312 1890 noluit

167 1901 334 1943 Lycurgus
346 1902 531 1933 concordem
543 1902 638 1933 talem
649 1903 833 1934 discordiam
848 1902 879 1933 in
889 1902 1014 1933 civitate
1028 1911 1080 1932 sua
1095 1900 1200 1932 locum
1214 1900 1313 1932 habe-

166 1952 210 1973 re.
253 1945 404 1975 Plutarch.
415 1945 458 1976 T.
476 1956 500 1976 1.
516 1956 545 1987 p.
560 1949 632 1977 598.
647 1947 683 1977 C.
697 1946 782 1977 ’ἔοικεν
797 1946 983 1980 ὅΛακωνικδς
1000 1944 1144 1984 νομοθέτης
1160 1944 1310 1975 ὑπέκκαυ-

165 1999 212 2025 μα
229 1987 280 2021 τ’ᾖς
295 1988 398 2030 άξετῆς
419 1988 554 2027 ἔμέαλεῖν
570 1990 606 2023 εἰς
623 1990 673 2022 τὴν
689 1990 838 2020 πολιτείαν
854 1989 888 2019 τι)
909 1989 1059 2029 φιλὸτιμον
1081 1988 1132 2018 καὶ
1150 1987 1312 2026 φιλὸνεικον.

167 2029 258 2060 conf.
271 2030 312 2060 T.
327 2041 365 2060 11.
380 2041 411 2071 p.
421 2035 493 2061 232.
507 2032 544 2063 C.
558 2035 629 2063 813.
645 2032 680 2063 B.
694 2040 725 2062 et
742 2031 914 2063 Melanthii
927 2031 1048 2062 dictum
1057 2029 1096 2060 de
1108 2029 1233 2061 civitate
1247 2033 1312 2061 At-

166 2069 227 2102 tica
242 2076 333 2113 p.2o.
351 2075 388 2106 C.
416 2075 605 2105 VAcheu.

210 2116 285 2157 Pag.
299 2119 383 2148 57.l.
403 2120 450 2148 18.
463 2119 538 2149 Ἀπό
553 2116 579 2148 δὲ
607 2119 721 2153 Δανάης
750 2119 800 2152 τΞς
823 2119 879 2148 'An
898 2117 981 2160 ισίου]
1002 2117 1082 2148 Haec
1105 2122 1136 2146 et
1152 2115 1311 2156 sequentia

168 2157 324 2198 quaedam,
347 2159 407 2190 alio
422 2170 516 2201 quam
531 2160 690 2192 invenerat
714 2162 822 2192 ordine
837 2131 997 2197 collocata,
1011 2160 1161 2190 Plutarch.
1181 2157 1309 2189 exhibet

166 2199 206 2230 de
222 2201 329 2232 Herod.
344 2202 480 2245 Malign.
493 2215 524 2244 p.
537 2207 608 2235 857.
622 2206 657 2234 E.
673 2205 697 2235 οἱ
711 2202 737 2235 δὲ
754 2205 888 2248 Δωριέων,
912 2205 1006 2243 φησὶν,
1027 2202 1159 2242 {lymbus
1175 2201 1310 2242 φαίνοιντ’

167 2242 202 2274 ἂν
217 2244 377 2285 Αἰγύπτιοι
391 2247 527 2287 ἰθαγενέες
545 2248 629 2281 ἐόντες
654 2247 873 2287 καταλέγοντες
900 2247 974 2289 (leg.
999 2244 1214 2286 καταλέγοντι)
1241 2246 1306 2279 τοὺς
