1503 2636
486 204 620 234 NoTAE
643 204 691 235 m
713 203 885 235 LIBRUM
907 205 970 236 vt.
1220 203 1300 236 319

160 308 275 342 dicitur
289 306 499 342 Callimachus
513 307 729 350 polemarchus
744 309 775 340 in
792 310 883 340 Schol.
901 307 941 339 ad
957 309 1105 351 Aristoph.
1121 310 1177 351 Eq.
1187 318 1217 339 v.
1231 312 1303 341 657.

159 353 259 384 Recte
281 353 399 384 Meurs.
414 351 565 383 *observat
590 352 710 383 Athen.
728 354 800 383 Att.
816 363 855 389 11,
871 363 899 382 c.
914 354 944 383 5.
958 352 1067 382 eadem
1088 363 1171 382 sacra
1196 359 1303 393 postea

157 394 324 436 quotannis
337 394 442 427 fecisse
455 394 564 426 Dianae
574 394 820 436 polemarchum,
831 397 897 436 quia
903 397 1017 436 primus
1033 397 1096 425 olim
1115 396 1302 425 Callimachus

152 439 347 480 potemur-chus
362 440 404 468 ita
419 440 542 468 instituit
553 450 562 467 :
581 436 707 469 Nollem
723 437 831 468 eadem
847 447 917 479 pag.
936 437 1101 479 scripsisset
1116 437 1164 468 vir
1178 438 1304 479 egregi-

156 490 203 517 us,
217 487 329 512 votum
343 479 420 512 illud
435 480 546 511 Dianae
571 479 689 510 factum
703 488 774 511 aute
790 479 938 524 Xenoph-
954 481 1125 511 Herodotum
1141 493 1242 522 quoque
1257 493 1302 511 re-

155 524 254 554 tulisse
266 523 315 554 lib.
328 533 374 553 171.
387 536 465 564 quem
482 523 668 563 malignitatis
683 529 796 552 accusat
808 536 836 553 eo
857 525 963 553 nomine
977 524 1161 554 Plutarchus.
1202 522 1303 564 Apud

159 566 311 597 Plutarch.
323 565 365 595 T.
380 575 418 596 11.
432 574 462 605 p.
477 567 548 594 862.
563 565 598 594 B.
613 574 671 605 pro
687 566 754 603 φησὶ
769 564 966 596 scribendum
989 567 1067 605 ‹pan-2.
1093 576 1166 595 nam
1192 574 1302 596 votum

156 617 309 649 nusquam
323 612 478 637 memorat
500 615 600 647 neque
615 606 692 636 sacri
707 606 840 638 solennis
853 607 1008 649 originem
1024 610 1192 645 Herodotus,
1206 616 1302 649 atque

156 649 272 681 idcirco
288 650 445 680 Plutarcho
466 656 626 680 accusatur
647 649 849 691 negligentiae
864 651 888 680 l'.
909 661 937 680 c.
962 650 1143 685 ἐσπουδακὼς
1167 653 1230 694 περὶ
1245 653 1300 685 «τὰς

154 692 272 726 Ἀθήνας
288 690 469 734 διαφερὸντως
485 690 543 722 οὐδὲ
559 692 609 725 τὴν
624 692 692 735 ore&
703 692 818 735 ’Ἄγρας
835 693 954 733 πομπὴν
979 693 1142 736 ian-isquam,
1168 695 1200 728 ἣν
1225 694 1301 733 πέμ-

157 747 254 767 πουσιν
278 735 323 765 ’ἔτι
339 735 381 765 νῦν
401 736 440 776 τῇ
461 734 578 776 Ἑκάτῃ
601 736 780 778 χαριστήρια
807 738 857 770 τῆς
881 736 956 770 νίκης
974 736 1160 778 ἑορτάζοντες·
1184 736 1216 766 in
1239 747 1303 767 var.

158 777 234 810 lect.
244 778 312 821 πρὸς
327 777 502 825 ’Awgin-sea»
517 775 653 818 legitur;
676 778 732 808 nisi
749 777 786 808 sit
802 788 838 809 ex
855 777 954 810 Codd.
975 778 1108 810 alterum
1124 789 1185 809 non
1200 786 1304 810 muta-

157 830 238 858 rem,
249 819 414 862 {imprimis
436 830 508 850 cum
531 827 678 860 sequatur
704 823 744 863 τῇ
764 822 888 863 Ἑκάτῃ·
914 820 1114 862 scripseratne
1137 820 1238 852 forsan
1265 825 1304 864 «τῇ

156 863 230 907 ἐἀτῃ
247 863 472 907 Θαργηλιῶνοςς
495 861 594 893 isthoc
610 862 660 893 die
676 863 840 904 quotannis
860 863 1067 895 Athenienses
1081 866 1119 906 τῇ
1139 865 1302 907 Ἀγροτέρᾳ

158 905 312 938 ἀποθύωσι
327 906 382 939 τὰς
404 905 549 947 χιμαίρας
574 905 663 946 juxta
678 908 795 936 AElian.
809 907 848 936 V.
864 907 907 937 H.
931 917 969 942 11,
987 917 1016 937 c.
1030 909 1080 938 25.
1123 907 1185 948 Qui
1211 907 1304 948 hujus

156 948 236 980 sacri
247 948 459 979 meminerunt
473 947 532 978 viri
548 947 633 978 docti
647 955 736 979 caute
756 948 969 980 abstinuerunt
988 949 1056 980 loco
1072 950 1201 992 Xenoph.
1213 951 1304 981 Ἓλλ.

163 1001 210 1023 xv.
223 1001 255 1033 p.
267 994 405 1028 802,17.
447 991 638 1021 VALcKcN.

201 1035 279 1076 Pag.
305 1035 406 1065 125.l.
430 1036 477 1064 13.
500 1034 551 1064 Τᾶν
575 1034 764 1077 πολεμάρχω
788 1034 867 1075 ’ἔχειν
892 1034 976 1077 κέρας
1002 1034 1036 1065 τι)
1058 1033 1155 1077 δεξιόν]
1181 1034 1303 1067 Rhetor

147 1075 308 1108 Glaucias
324 1075 357 1107 in
382 1077 464 1107 Plut.
485 1076 627 1118 Sympos.
654 1080 684 1114 1,
709 1081 758 1108 10.
800 1077 958 1108 AEantidis
981 1087 1086 1119 pugna
1102 1077 1306 1109 Marathonia

158 1130 257 1151 cornu
272 1119 417 1151 dextrum
432 1120 568 1161 AEschyli
588 1119 767 1150 testimonio
782 1119 962 1156 contribuit,
975 1128 1067 1161 atque
1083 1131 1119 1151 ex
1134 1120 1194 1151 illis
1209 1120 1304 1152 Calli-

161 1162 310 1194 machum
328 1161 564 1204 polemarchum
585 1161 688 1199 fuisse,
710 1162 826 1204 quippe
850 1161 1076 1203 Aphidnaeum.
1119 1163 1214 1204 Quod
1241 1174 1305 1194 non

161 1204 292 1246 quidem
306 1204 523 1241 recusandum,
539 1204 636 1235 modo
662 1205 819 1246 praecipua
837 1205 916 1236 ratio
940 1204 1134 1242 Callimachi,
1155 1214 1305 1248 tanquam

157 1246 363 1290 polemarchi,
383 1247 523 1278 ducatur.
565 1249 634 1278 Rex
649 1247 724 1278 olim
741 1247 771 1278 in
791 1258 885 1278 cornu
901 1247 1010 1279 dextro
1026 1247 1210 1290 imperabat,
1224 1256 1303 1280 teste

162 1291 305 1332 Euripide
320 1290 454 1332 Supplic.
470 1301 498 1320 v.
514 1293 586 1321 657.
629 1291 761 1321 Murata
785 1289 962 1332 reipublicae
985 1290 1087 1321 forma
1101 1291 1302 1333 polemarcho

161 1332 265 1364 honor
278 1333 336 1364 iste
351 1333 449 1364 cessit.
493 1333 544 1363 De
567 1332 644 1364 serie
659 1332 809 1370 tribuum,
823 1341 854 1364 et
869 1343 932 1373 quo
947 1344 978 1364 se
993 1333 1101 1364 ordine
1116 1335 1308 1376 exceperint,

162 1375 269 1418 ampla
289 1375 461 1417 disquisitio
476 1377 532 1406 Ed.
549 1377 660 1406 Corsim'
675 1378 754 1407 Fast.
766 1378 837 1407 Att.
848 1376 930 1406 Diss.
947 1387 1002 1407 111.
1018 1386 1048 1419 p.
1065 1380 1134 1408 119.
1149 1384 1181 1409 et
1194 1377 1306 1419 praeci·

162 1427 224 1461 pue
239 1417 320 1450 Diss.
334 1429 379 1450 1v.
407 1420 522 1449 Wnss.

204 1463 281 1504 Pag.
292 1464 364 1492 128.
375 1463 396 1492 l.
413 1464 461 1493 15.
477 1461 661 1505 Κυναίγειξος
677 1462 691 1492 o‘
706 1460 888 1504 Εὐφορίωνος]
904 1461 1064 1504 Cynaegiri
1078 1461 1187 1494 militis
1199 1462 1306 1494 Athe-

161 1503 274 1536 niensis
286 1503 418 1542 rabiem,
431 1504 587 1535 Persicam
602 1515 715 1535 navem
730 1515 824 1535 manu
838 1505 1010 1542 retinentis,
1020 1504 1200 1546 explicatius
1215 1517 1304 1537 enar-

162 1554 213 1579 rat
236 1549 368 1578 Justinus
383 1557 422 1583 11,
440 1557 470 1578 c.
487 1551 517 1578 9.
560 1546 753 1578 Callimacho
778 1547 855 1588 quid
882 1548 1019 1578 evenisse
1041 1547 1197 1579 diceretur
1222 1556 1305 1581 tacet

163 1591 334 1626 Herodotus,
348 1589 493 1620 obortam
507 1589 639 1631 Epizelo
654 1589 827 1620 coecitatem
847 1590 972 1621 tradens
988 1600 1017 1621 c.
1033 1593 1103 1621 117.
1146 1591 1306 1635 Sophista-

162 1643 235 1664 rum
251 1632 381 1674 ingeniis
409 1632 588 1663 exercendis
617 1631 826 1663 Callimachus
854 1632 1026 1674 praesertim
1054 1639 1086 1664 et
1116 1634 1304 1677 Cynaegirus

162 1675 326 1718 praebuere
351 1675 531 1705 materiam:
558 1675 627 1706 duae
653 1674 741 1705 nobis
770 1682 931 1715 supersunt
960 1677 1116 1706 Polemonis
1146 1678 1306 1716 orationis,

162 1718 324 1759 utriusque
338 1717 443 1748 laudes
457 1717 666 1748 decantantis:
691 1717 729 1747 de
754 1717 946 1749 Callimacho
969 1729 1031 1748 non
1053 1718 1214 1751 nominato
1239 1720 1303 1752 vid.

165 1763 290 1793 Aristid.
305 1760 473 1791 Panathen.
491 1764 517 1790 1.
531 1771 561 1801 p.
576 1764 648 1791 216.
691 1761 856 1791 Scholiastes
872 1760 914 1790 ibi
935 1762 1014 1791 MS.
1029 1768 1060 1792 et
1076 1762 1235 1804 Cynaegiri
1257 1763 1304 1794 fa-

163 1804 250 1835 cinus
275 1811 407 1840 enarrat,
430 1810 461 1833 et
487 1802 679 1834 Callimacho
703 1802 778 1843 quid
802 1803 950 1834 evenerit.
990 1805 1071 1834 Tres
1095 1804 1170 1836 istos
1192 1806 1305 1846 patrIae

163 1846 339 1878 defensores
349 1846 491 1887 egregios
504 1853 678 1876 memorant
691 1848 806 1875 AElian.
821 1846 859 1876 de
873 1847 912 1876 N.
927 1849 970 1877 A.
987 1857 1048 1883 v11,
1059 1858 1087 1877 c.
1097 1850 1147 1878 38.
1191 1850 1305 1879 Maxi-

161 1903 223 1921 mus
251 1889 321 1931 ijr.
342 1899 374 1924 V,
398 1893 425 1920 9.
451 1889 501 1922 τὴν
525 1889 706 1931 Κυναιγείρου
729 1891 829 1931 χεῖρα,
854 1890 905 1919 καὶ
930 1891 981 1923 τὴν
996 1891 1172 1929 Πολυζήλου
1194 1899 1305 1933 συμφο-

161 1934 224 1976 ξοὶν,
252 1932 303 1962 καὶ
333 1933 373 1962 τὰ
400 1933 606 1971 Καλλιμάχου
637 1932 808 1974 τραύματα·
840 1931 894 1962 ubi
922 1931 1028 1963 docuit
1058 1934 1198 1964 Davisius
1228 1933 1303 1965 alibi

161 1985 287 2017 quoque
304 1975 441 2005 Herodoti
454 1974 619 2016 Epizelum
634 1974 753 2004 dictum
776 1974 957 2014 Πολύζηλον,
976 1982 1007 2005 et
1030 1976 1203 2006 Plutarcho:
1228 1977 1304 2018 Epi-

161 2018 224 2050 zeli
246 2017 314 2048 loco
337 2016 500 2048 Stesilaum
524 2017 663 2047 nominat
688 2027 759 2047 cum
783 2016 944 2054 Miltiade,
968 2016 1171 2054 Callimacho,
1190 2026 1222 2050 et
1238 2021 1304 2061 Cy-

163 2061 283 2103 negiro,
301 2061 423 2091 Tzetzcs
440 2058 521 2091 Chil.
537 2070 560 2096 1,
572 2070 600 2090 v.
611 2063 682 2091 867.
726 2061 835 2090 Unum
849 2059 888 2090 de
903 2071 931 2091 x.
945 2060 1074 2091 ducibus
1085 2061 1248 2092 Stesilaum
1269 2063 1301 2093 in

162 2102 272 2145 praelio
287 2103 428 2134 cecidisse
450 2102 593 2133 novimus
608 2112 644 2133 ex
661 2104 800 2133 Herodoto
810 2118 820 2137 ;
838 2101 1059 2144 plerorumque
1072 2103 1199 2134 nomina
1213 2105 1303 2147 igno-

164 2153 282 2182 rantur,
295 2155 429 2187 quorum
444 2145 576 2187 gloriam
601 2145 764 2176 Miltiades
786 2144 972 2181 obscuravit,
998 2145 1052 2187 qui
1072 2145 1189 2181 δέκατος
1214 2149 1302 2182 αὐτὸς

163 2189 386 2232 στρατηγήσας,
407 2189 499 2228 powg,
522 2189 556 2222 ὦ,-
584 2189 678 2224 elma,
693 2189 869 2228 ὀνομάζεται,
886 2190 937 2218 καὶ
953 2189 1052 2219 ταῦτα
1065 2188 1237 2231 Ἀριστείδου
1252 2193 1304 2222 τοῦ

165 2233 338 2272 Λυσιμάχου
353 2233 500 2274 παρόντος,
514 2238 549 2262 ut
564 2231 669 2261 scribit
681 2233 803 2261 Aristid.
816 2231 856 2261 T.
872 2242 924 2262 111.
940 2242 968 2272 p.
980 2235 1052 2262 2¹86.
1094 2231 1218 2264 Milites
1231 2244 1303 2275 gre·

162 2275 266 2318 garios
286 2274 490 2317 Cynaegirum
505 2281 537 2305 et
559 2273 735 2316 Epizelum,
749 2274 813 2305 sive
830 2273 1026 2316 Polyzelum‚
1043 2275 1072 2306 in
1095 2274 1188 2306 duces
1203 2284 1301 2307 trans-
