1503 2636
189 184 285 218 ..318
541 186 672 219 NOTAE
692 190 740 220 IN
762 190 935 222 LIBRUM
954 191 1018 223 VI.

199 291 350 328 reditura,
365 291 455 323 sicuti
468 292 639 335 prudenter
650 296 744 326 Ioach.
761 296 942 327 Camerarius
956 296 1132 329 Prooem.in
1142 297 1297 331 Herodot-
1309 308 1342 342 p.

201 338 274 365 715.
289 336 343 365 Ed.
358 337 484 367 Gronov.
497 344 599 377 caput.
641 338 727 368 Nam
739 337 776 368 de
788 337 869 380 lege,
881 338 977 370 verba
987 339 1102 371 eruditi
1113 340 1179 382 ejus
1192 341 1346 379 virisunt‚

202 377 303 418 deque
318 377 416 419 praelii
432 378 492 415 die,
509 389 562 409 sua
573 377 634 410 fide
649 379 834 412 adfirmante
854 388 998 423 utroque,
1014 381 1118 420 venia,
1129 383 1240 425 opinor
1253 383 1341 415 dabi-

201 428 254 450 tur
275 419 315 457 ei,
335 421 390 462 qui
404 419 499 451 fidem
517 422 667 458 Herodoti,
685 423 825 465 proxime
841 423 881 454 ad
896 424 1092 456 Marathonii
1107 426 1285 458 certaminis
1298 437 1341 458 ae·

200 470 298 493 tatem
324 463 516 504 pertinentis,
538 471 630 506 atque
654 476 691 496 ex
713 465 784 502 illis,
807 467 861 507 qui
887 466 1044 498 conflictui
1065 466 1232 500 adsuerunt
1256 468 1342 500 haud

199 515 298 546 pauca
312 505 414 537 edocti
434 505 531 547 pluris
544 506 601 537 sibi
623 507 794 539 faciendam
816 519 910 550 quam
933 511 1087 541 Plutarchi
1104 510 1273 552 putaverit.
1293 513 1342 543 At

197 558 247 578 ‘vx-
264 556 369 579 tamen
383 548 619 580 Boe'dromionis
629 550 693 581 dies
702 550 858 581 sollemnis
869 551 912 581 illi
925 551 1065 583 victoriae
1079 552 1214 584 Athenis
1230 551 1242 585 ?
1256 555 1343 585 Esto.

202 591 287 632 Quid
298 591 393 628 enim,
407 591 430 622 si
441 592 552 629 mensi,
563 593 650 634 cujus
664 604 777 624 nomen
791 594 948 624 Herodotus
960 594 1079 636 pressit,
1096 595 1344 637 Metagithione,

201 643 265 684 {1¹²0
286 635 403 676 Spartae
428 635 537 665 Carnia
559 634 806 673 celebrabantur,
826 647 933 678 pugna
953 637 986 667 in
1008 647 1118 679 campo
1134 638 1342 670 Marathonio

197 676 294 707 tuerit
309 684 446 719 pugnata
461 676 473 708 ἓ
491 678 599 708 Carnia
614 688 694 715 sane,
710 679 889 720 pariterque
905 678 989 716 luna,
1001 680 1141 710 nondum
1155 679 1250 722 pleno
1263 680 1341 712 orbe

199 717 334 760 fulgens,
346 730 386 750 ne
412 719 530 756 abitum
545 720 776 752 Lacedaemonii
798 729 1002 759 maturarent,
1015 721 1228 764 inpedimento
1243 732 1346 761 erant,

200 762 246 791 uti
269 763 309 792 L.
336 773 399 799 vn,
423 766 495 793 206.
547 765 592 794 Ita
617 763 760 805 praelium
775 763 854 794 festo
868 763 922 795 iuo
935 764 995 801 die,
1008 765 1093 806 quod
1107 772 1265 796 accusator
1279 776 1343 797 non

200 803 363 842 diffitetur,
375 804 433 835 fuit
449 805 545 845 prius,
561 805 658 836 relato
674 805 785 836 deinde
806 806 838 836 in
860 817 906 837 VI.
928 807 1174 839 Boe'dromionis.
1215 809 1297 840 Haec
1311 816 1344 841 et

198 847 290 887 plura
305 859 362 889 pro
375 849 516 878 Herodoto
525 848 748 879 eruditissimus
757 850 784 879 F
785 856 890 880 reretus
901 850 1079 881 Comment.
1089 850 1190 881 Acad.
1203 850 1345 894 Inscript-

199 890 240 920 Τ.
254 900 351 921 xv111.
366 901 398 931 p.
413 894 482 920 138.
497 891 554 921 Ed.
571 892 674 922 Paris.
714 891 785 922 Dici
800 892 934 933 speciose
949 892 1076 934 poterit,
1091 893 1262 924 Carniorum
1273 892 1344 925 nul-

199 931 264 963 lam
293 932 344 963 hic
370 933 571 964 mentionem.
622 935 787 965 Servemus
809 945 885 976 ergo
906 945 1047 966 mensem
1070 935 1346 974 Boe'dromionem‚

198 982 232 1006 et
254 986 393 1017 pugnam
415 976 445 1005 in
471 986 537 1006 xv1.
561 976 626 1018 ejus
649 976 733 1007 diem
756 976 959 1008 conferamus.
981 979 1064 1009 Nam
1092 978 1234 1021 Spartani
1258 989 1342 1010 nono

198 1018 312 1048 mensis
326 1018 375 1049 die
387 1018 426 1049 ad
436 1017 509 1049 belli
525 1019 751 1050 consortionem
768 1019 900 1056 invitati,
913 1027 983 1062 post
998 1019 1205 1062 plenilunium
1219 1020 1344 1052 confec-

199 1068 233 1090 to
248 1060 343 1091 tridui
359 1060 479 1097 itinere,
504 1061 604 1092 Persis
619 1069 741 1092 tantum
762 1063 846 1103 quod
861 1062 1046 1105 profligatis,
1058 1063 1202 1095 Athenas
1215 1063 1343 1095 advela-

198 1110 283 1134 runt.
326 1104 370 1134 Sit
385 1103 512 1145 inquam
527 1104 689 1135 certamini
703 1105 768 1136 dies
781 1115 846 1135 xvi.
861 1105 1108 1143 Bo'e'dromionis,
1128 1105 1231 1150 potuit
1241 1106 1344 1138 victo-

197 1145 254 1177 riae
269 1146 421 1177 memoria
433 1147 598 1184 anteveni,
610 1155 641 1178 et
657 1158 690 1178 vt
700 1170 707 1178 .
725 1147 775 1178 die
798 1148 920 1184 sacrari,
935 1149 1020 1190 quod
1035 1148 1267 1190 Mysteriorum
1281 1148 1342 1181 sol·

197 1187 313 1219 lemnia
327 1197 467 1220 extremo
481 1189 591 1220 eodem
607 1200 712 1220 mense
726 1189 915 1222 sanctissima
934 1198 1046 1229 essent,
1060 1198 1114 1222 aut
1127 1191 1187 1223 alia
1201 1192 1240 1222 de
1255 1202 1341 1223 caus-

195 1241 237 1262 sa.
281 1233 393 1272 Neque
407 1230 540 1262 insolens
552 1240 583 1263 et
605 1241 718 1273 praeter
733 1243 835 1270 usum,
855 1240 890 1264 ut
904 1233 1042 1264 victoriae
1057 1233 1212 1265 sollemnis
1224 1244 1341 1277 pompa

197 1273 259 1304 alio
285 1274 493 1305 celebraretur
516 1282 669 1316 tempore,
691 1286 786 1317 quam
807 1284 964 1318 reportata
985 1275 1050 1318 ipsa
1071 1276 1182 1307 fuerat.
1232 1279 1341 1308 Persas

196 1317 303 1347 Graeci
319 1317 358 1347 ad
382 1316 503 1348 Plateas
525 1329 569 1348 xv.
584 1318 820 1349 BoEdromionis
843 1325 1020 1350 straverunt
1041 1320 1208 1350 Eleutherio
1223 1327 1341 1357 tamen,

197 1359 407 1390 recordationi
421 1360 488 1401 ejus
501 1361 546 1390 rei
559 1360 670 1398 dicata,
681 1361 731 1391 die
742 1372 808 1392 x1v.
822 1362 1090 1392 Maemacterionis
1103 1361 1342 1404 peragebantur,

197 1403 279 1434 Plut.
294 1402 424 1434 Aristid.
445 1414 476 1444 p.
500 1407 571 1434 332.
595 1406 638 1434 A.
661 1405 731 1444 Qua
756 1404 787 1434 in
803 1403 979 1445 opinatione
995 1404 1034 1435 de
1049 1414 1195 1435 consensu
1222 1404 1269 1435 cl.
1282 1406 1341 1436 Ed.

197 1446 321 1476 Corsini.
334 1447 440 1476 Fastor
454 1446 553 1476 Attic.
567 1446 649 1477 Diss.
662 1457 707 1477 zv.
721 1457 753 1487 p.
768 1449 838 1476 184.
851 1447 983 1488 gaudeo.
1024 1446 1159 1477 AliaH.
1171 1448 1337 1479 Dodwellus

196 1488 235 1518 de
249 1488 352 1529 Cyclis
365 1487 536 1518 Diss.vx11.
551 1499 581 1529 p.
595 1493 668 1520 330.
715 1491 829 1520 Utram
845 1497 950 1519 autem
965 1499 1086 1530 cunque
1100 1489 1133 1520 in
1148 1500 1182 1521 re
1197 1490 1274 1521 adeo
1288 1500 1338 1524 re-

195 1538 283 1561 mota
297 1531 480 1572 adoptemus
494 1530 718 1568 defensionem,
733 1533 908 1562 Plutarchus
924 1542 1027 1562 caussa
1041 1532 1140 1563 cadet.
1180 1533 1299 1564 Wtss.

239 1575 315 1615 Pag.
331 1577 400 1605 193.
414 1575 433 1603 Ι.
451 1576 478 1603 l.
492 1572 574 1605 ῗΗνΣὲ
590 1575 656 1604 viu-3
673 1574 863 1617 πολέμαρχος
880 1574 1030 1616 Καλλίεω]
1051 1574 1262 1617 Incogitanter
1287 1577 1337 1607 Jo-

197 1617 334 1647 Mursio
349 1615 557 1647 Callimachus
571 1616 628 1647 iste
643 1617 755 1648 dicitur
769 1616 904 1647 Athenis
920 1620 1036 1659 primus
1057 1616 1249 1659 polemarchi
1264 1628 1336 1649 mu-

193 1668 252 1689 nus
274 1658 394 1696 obiisse,
417 1661 486 1689 Att.
500 1660 589 1690 Lect.
603 1670 641 1696 11,
658 1670 688 1690 c.
708 1663 755 1690 14.
780 1661 947 1690 Meursium
971 1659 1110 1700 sequitur
1134 1661 1269 1691 Kuhnius
1293 1661 1333 1691 ad

195 1703 272 1732 Poll.
287 1713 365 1738 vn1,
379 1705 429 1733 92.
472 1703 519 1732 Ut
534 1701 653 1743 primus
666 1701 746 1733 forte
762 1701 1040 1733 Polemarchorum
1056 1701 1266 1734 Callimachus
1281 1702 1336 1734 de-

194 1755 263 1775 cem
279 1743 408 1776 ducibus
422 1744 481 1775 hoc
497 1752 638 1785 tempore
653 1743 748 1775 fuerit
762 1744 926 1785 adjunctus
947 1744 1139 1782 undecimus,
1153 1743 1206 1786 qui
1220 1745 1253 1776 in
1267 1745 1334 1777 acie

194 1787 426 1818 honoratiorem
442 1797 481 1817 ex
498 1786 567 1828 lege
587 1787 691 1817 locum
705 1794 838 1822 teneret,
855 1798 872 1816 a
892 1797 953 1828 qua
967 1787 1138 1829 suspicione
1163 1798 1225 1819 non
1251 1788 1334 1819 mul-

192 1837 263 1860 tum
286 1829 386 1860 abfuit
413 1831 478 1860 Jac.
502 1832 638 1860 perizon.
652 1830 691 1860 ad
708 1832 826 1860 AElimn'
841 1831 881 1859 V.
896 1831 940 1860 H.
955 1841 984 1871 p.
1006 1834 1078 1861 4521.
1104 1837 1190 1861 certo
1215 1838 1333 1862 constat

193 1883 255 1902 non
271 1873 408 1913 primum
423 1871 513 1903 fuisse
529 1872 756 1903 Callimachum
771 1872 854 1913 apud
867 1872 1075 1903 Athenienses
1089 1872 1334 1914 polemarchum.

195 1916 348 1945 Pausaniae
363 1915 459 1946 verba
478 1919 504 1951 l,
519 1926 549 1956 p.
562 1920 611 1946 57.
626 1915 738 1957 quibus
752 1915 822 1945 solis
836 1915 892 1945 niti
907 1915 1009 1956 potuit
1026 1917 1145 1947 Meurs.
1167 1915 1219 1947 vel
1242 1915 1332 1947 aliter

193 1957 370 1999 accipienda
384 1964 466 1994 sunt,
479 1958 529 1988 vel
543 1958 585 1988 ita
601 1957 712 1988 leviter
724 1957 914 1999 refingenda,
925 1966 960 1988 ut
976 1958 1014 1988 de
1030 1957 1222 1989 Callimacho
1236 1958 1332 2000 scrip·

189 2000 277 2037 serit,
289 2001 314 2034 ‹3'5
330 2001 481 2034 Ἀθηναίοις
497 2001 705 2043 πολεμαρχῶν,
721 2000 796 2042 (vid.
819 2001 978 2030 Herodiani
993 1999 1150 2032 Philetaer.
1164 2011 1182 2030 a
1197 2002 1332 2031 Pia-sono

192 2042 337 2084 vulgatus
351 2054 380 2085 p.
394 2043 480 2083 441.)
496 2044 602 2085 ἤξξκτο
626 2054 738 2084 nempe
758 2045 921 2083 μάχεσέιιι,
933 2043 985 2074 vel
1006 2045 1056 2077 τῆς
1071 2044 1187 2083 μάχης·
1200 2053 1248 2084 ap.
1265 2044 1329 2074 He·

192 2089 248 2116 rod.
260 2097 287 2116 c.
304 2096 356 2116 111.
371 2087 421 2116 τοῦ
433 2087 484 2125 μὲν
499 2085 583 2124 δεξιοῦ
595 2086 684 2128 κέρεος
705 2086 808 2126 ἡγέετο
823 2087 835 2116 o‘
850 2086 1040 2129 πολέμαρχος
1063 2086 1275 2126 Καλλίμαχος·
1289 2086 1329 2118 de

192 2129 302 2158 eodem
325 2130 438 2159 Polemo
448 2128 541 2169 Soph.
558 2140 589 2170 p.
606 2132 634 2158 13.
650 2130 694 2166 {Ei
711 2142 750 2169 χε
766 2130 837 2171 γὰρ,
859 2131 914 2169 κᾷν
929 2131 986 2163 τοῖς
1002 2128 1121 2172 πρώτοις
1138 2129 1262 2160 ἔπεττεν
1274 2129 1328 2160 αὖ-

192 2172 238 2201 τὸν
253 2172 269 2204 ’ἦ
294 2172 498 2214 παλεμαξχία.
612 2142 728 2201 Nobile
747 2179 868 2207 votum,
890 2182 953 2212 quo
973 2171 1083 2202 Dianae
1107 2173 1146 2214 τῇ
1167 2173 1226 2212 ’Δγ
1243 2172 1326 2214 σει-ἔρῃ

190 2220 263 2246 ante
276 2224 416 2257 pugnam
432 2213 666 2247 Marathoniam
689 2224 720 2245 se
733 2214 964 2246 obstrinxerunt
984 2213 1202 2253 Athenienses
1235 2213 1327 2247 ecisse
