1503 2636
504 229 636 259 κοτε
657 227 704 258 m
727 226 896 258 Limum
918 212 980 257 vi.
1230 223 1312 258 ΞΠ

173 339 332 377 posterum
356 339 388 365 et
413 343 601 377 consequens
616 341 672 371 est,
692 333 841 364 nimirum
857 329 1097 364 Animadversio
1113 329 1227 369 divina,
1241 341 1313 372 quae

172 387 229 408 nec
244 376 374 418 opinatis
387 377 518 419 perjuris
533 376 751 418 superveniens
765 376 871 407 fractae
883 375 955 406 fidei
967 385 1072 417 poenas
1082 374 1206 416 infligit.
1246 375 1314 404 Lo·

173 419 288 461 quendi
303 430 401 462 genus
414 420 445 450 in
460 421 630 462 Epicharmi
643 419 820 460 fragmento
838 420 934 448 Grot1'i
954 417 1076 448 medela
1097 424 1215 454 curato,
1228 416 1312 458 apud

174 463 261 492 Clem.
275 463 362 494 Alex.
377 464 490 493 Strom.
505 473 550 493 Vl.
564 474 593 504 p.
605 465 677 494 749.
698 462 819 502 Ἐγγύοι
841 462 972 503 ἐπινοίη-πρ
992 461 1042 500 μὲν
1057 461 1147 495 (ἔτας,
1163 459 1275 501 ἐγγύας
1291 458 1314 490 δ’

172 505 277 544 ζαμία·
292 512 324 535 et
339 506 472 536 Eustath.
486 508 597 536 Amor.
614 506 721 534 Ismen.
737 515 767 545 p.
788 507 860 534 426.
878 502 977 537 3A13435
993 503 1064 546 yde,
1079 508 1180 534 ΠΑῙΣ
1198 508 1313 532 ΕΛΕΓ-

172 553 268 579 ΧΩΝ
283 548 352 579 ἐτη-Ι·
365 547 479 589 excipit
490 547 573 577 enim
584 554 615 578 et
627 547 765 588 sequitur
780 557 813 576 re
837 546 1051 577 rehensionem
1067 545 1175 588 pudor.
1198 547 1316 576 Wess.

216 591 292 633 Pag.
306 593 377 622 109.
387 592 407 620 l.
418 593 447 621 5.
464 591 520 620 Καὶ
536 591 559 620 ἔν
580 591 708 631 χρησμῷ
721 588 754 623 ἦν
776 603 806 629 γ.
844 590 877 619 Α
895 590 1034 620 Gronovii
1045 588 1163 630 Judicio
1174 598 1237 619 non
1252 587 1314 618 dis-

171 631 316 669 siderem,
329 632 353 662 si
367 631 434 662 aliis
455 632 549 662 etiam
571 632 602 662 in
619 631 719 663 codd.
733 631 953 662 omitterentur
968 630 1083 661 oraculi
1098 641 1215 668 versus,
1228 641 1314 672 quae·

172 684 234 716 que
256 684 382 705 versum
404 674 591 705 antecedunt
616 675 774 716 proxima:
807 673 860 704 sed
887 673 971 717 quod
985 673 1071 704 addit
1085 674 1134 704 vir
1149 673 1315 715 Egregius,

170 729 222 747 non
238 719 328 759 magis
345 717 485 748 Herodoto
490 719 587 758 fuisse
605 730 730 748 caussam
745 718 917 747 adscribendi
931 718 1047 753 oraculi,
1062 718 1218 758 quamfuit
1233 717 1314 746 Thu-

168 771 183 790 ae
202 761 270 797 didi,
278 759 311 790 id
322 770 398 790 vero
412 760 579 790 miraturos
592 759 664 797 scio,
678 760 731 801 qui
742 767 914 800 utrumque
929 758 1007 790 bene
1018 758 1151 790 noverit.
1194 760 1314 790 otacu-

155 806 158 815 ¹
184 812 213 839 a,
237 810 395 844 portenta,
418 801 547 839 somnia,
568 809 599 833 et
626 802 736 832 similia
760 801 957 833 credulorum
982 801 1116 832 ludibria
1146 802 1223 833 Thuc
1241 803 1314 832 dides

169 844 309 876 historiae
321 845 475 887 gravitate
491 845 607 875 censuit
619 845 766 886 indigna;
792 845 950 876 Herodotus
973 844 1030 876 ista
1051 843 1124 875 talia
1138 855 1200 875 non
1229 843 1314 875 'ben-

172 894 222 919 ter
233 894 356 920 tantum
371 895 606 924 commemorat,
620 887 673 917 sed
687 887 743 924 ita,
755 894 791 918 ut
806 887 858 918 vix
872 895 979 918 notam
993 886 1132 928 effugere
1146 887 1241 929 possit
1255 885 1314 918 ho-

171 929 264 961 minis
277 929 491 972 superstitiosi.
532 931 693 971 Quantum
715 930 772 960 hac
788 930 882 960 etiarn
897 930 928 960 in
943 937 1033 971 parte
1048 929 1162 960 distent
1174 929 1228 960 isti
1249 929 1313 960 duo

171 972 223 1004 vel
237 972 287 1004 hic
302 972 388 1004 locus
408 983 471 1003 esse
493 980 586 1014 queat
608 972 815 1003 documento:
843 980 935 1003 terrae
959 980 1062 1003 motus
1085 973 1226 1002 Herodoto
1240 982 1316 1014 pro-

171 1014 294 1058 digium
316 1025 381 1046 esse
402 1015 579 1052 videbatur,
600 1026 662 1057 quo
685 1015 766 1046 mala
780 1023 911 1046 ventura
923 1015 1010 1045 Deus
1024 1014 1245 1057 portenderet3
1267 1025 1315 1046 se-

173 1058 311 1089 cundum
324 1059 445 1100 Thucyd.
459 1057 528 1089 talis
544 1057 698 1100 persuasio
720 1057 807 1099 vulgi
830 1058 948 1088 animos
963 1065 1176 1099 occupaverat,
1193 1058 1314 1098 ἐλέγετο

171 1101 225 1132 καὶ
239 1099 324 1132 {Banu
338 1102 385 1132 ἐπὶ
400 1103 458 1136 «τοῖς
472 1101 615 1140 μέλλουσι
637 1102 799 1141 ’γενήσεσθαι
821 1103 953 1141 σημῆναι.
995 1100 1056 1131 Sed
1065 1099 1149 1141 legat
1164 1100 1232 1141 quis
1248 1101 1314 1131 He-

170 1145 256 1174 rodot.
268 1154 332 1180 vu,
343 1155 368 1175 c.
383 1146 433 1175 57.
447 1154 559 1180 v111,c.
570 1146 655 1174 37.c.
671 1147 722 1174 65.
735 1154 760 1174 c.
774 1147 825 1174 77.
841 1154 884 1180 lx,
900 1154 928 1174 c.
944 1146 994 1174 64.
1009 1147 1093 1174 c.99.
1108 1151 1176 1174 tum
1193 1143 1318 1185 Thucyd.

170 1196 211 1223 11,
233 1197 259 1217 c.
283 1189 331 1217 17.
345 1197 392 1223 w,
406 1197 431 1218 c.
445 1189 495 1218 70.
517 1196 579 1224 vn,
600 1197 626 1216 c.
639 1188 657 1217 7
662 1191 690 1218 9.
712 1193 743 1217 et
758 1186 788 1216 in
805 1186 852 1216 his
867 1185 1065 1227 ingeniorum
1087 1185 1316 1218 animadvertet

170 1227 391 1260 differentiam.
433 1229 535 1260 Semel
550 1237 654 1259 tamen
668 1229 789 1271 Thucyd.
801 1230 839 1259 L.
855 1239 894 1265 11,
905 1240 930 1260 c.
941 1231 992 1260 54.
1002 1227 1238 1270 praedictionem
1248 1239 1316 1259 me-

171 1279 275 1303 morat
289 1272 424 1303 Athenis
439 1272 626 1303 celebratam
641 1282 648 1299 :
663 1273 743 1310 *Ἥξει
759 1273 903 1314 Ameana}
923 1271 1062 1311 πόλεμος,
1076 1273 1126 1302 καὶ
1141 1272 1237 1310 λοιμδς
1259 1272 1315 1311 ἅμ’

172 1315 262 1354 αὖα-ᾤ·
277 1321 309 1345 et
323 1314 471 1346 evaluisse
485 1314 612 1345 tandem
627 1314 744 1351 scribit,
759 1322 790 1345 ut
805 1315 902 1354 λαιμίς
915 1324 976 1344 non
989 1315 1072 1353 λιμδς
1087 1314 1214 1356 antiqua
1229 1314 1315 1345 vocis

170 1356 323 1399 scriptura
337 1357 516 1388 crederetur
531 1357 561 1391 ἦν
576 1356 603 1388 δέ
620 1370 665 1397 γε,
678 1356 768 1396 οἶμαι,
786 1357 899 1398 inquit,
920 1358 991 1388 ποτὲ
1006 1358 1100 1392 ἄλλος
1116 1357 1241 1397 vomitos
1258 1371 1314 1388 κα-

170 1400 292 1443 ταλέξῃ
308 1401 430 1444 Δωρικός
447 1399 525 1431 τοῦδε
541 1400 664 1442 ὕστερον,
677 1401 729 1430 καὶ
742 1401 836 1442 ξυμζῇ
851 1400 977 1440 ’γενέσθαι
992 1399 1177 1440 antonum&
1192 1400 1226 1430 τό
1241 1401 1314 1434 simis·

168 1442 260 1478 οὕτως
275 1443 403 1485 q'z'rowroea·
413 1443 485 1473 hinc
500 1443 594 1473 etiam
609 1450 750 1473 constare
771 1443 897 1484 poterit,
913 1442 989 1484 quid
1004 1443 1043 1473 de
1057 1442 1170 1474 talibus
1186 1443 1315 1477 senserit

171 1486 325 1528 Thucydid.
344 1492 376 1517 et
398 1493 550 1527 quantum
572 1485 665 1527 hujus
686 1493 775 1516 cauta
796 1485 1013 1528 perspicacitas
1035 1485 1173 1516 Herodoti
1184 1492 1314 1528 praestet

173 1528 390 1570 superstitiosae
405 1527 592 1559 credulitati.
634 1529 823 1558 VALCKEN.

214 1571 290 1613 Pag.
308 1575 376 1601 118.
397 1573 416 1601 l.
432 1574 461 1601 2.
475 1570 530 1601 ‘'Hv
552 1572 613 1614 ’γᾶς
636 1571 788 1610 ἶσταμὲνον
808 1570 891 1610 (ambs
916 1570 1026 1613 εἰνάτη]
1049 1570 1204 1602 Sermonis
1224 1570 1315 1602 indo-

158 1612 233 1645 'lem
248 1613 307 1644 hoc
322 1612 478 1655 postulare
497 1615 656 1644 Gronovius
671 1614 808 1654 agnovit.
851 1614 935 1644 Bene
954 1616 986 1644 V
985 1615 1070 1644 indob.
1084 1621 1114 1645 et
1130 1615 1316 1651 Plutarchus,

170 1656 203 1687 in
218 1657 304 1698 cujus
315 1656 403 1687 Glor.
418 1656 535 1687 Athen.
550 1667 582 1698 p.
593 1659 664 1687 349.
676 1657 712 1686 Ε.
726 1655 797 1689 ἕκτη
811 1657 862 1695 μὲν
871 1656 1008 1698 ἱσταμένῃ
1024 1655 1218 1699 Βαῆδξομιῆνος
1229 1657 1314 1688 slmi-

161 1698 193 1729 Ίί
208 1706 344 1741 peccato.
387 1699 534 1740 Superius
555 1700 591 1730 C.
613 1701 665 1729 57.
686 1700 736 1729 καὶ
753 1690 871 1738 ἓέἳὲμας
895 1699 1047 1738 ἱσταμένου
1062 1701 1114 1730 «τοῦ
1125 1701 1219 1739 μηνὸς·
1234 1701 1316 1731 Plut.

171 1743 399 1784 SymPOS.VI11.
413 1753 442 1783 p.
458 1744 529 1773 717.
545 1743 581 1773 B.
595 1744 632 1783 τῇ
645 1741 717 1784 ἷκε-τῃ
732 1743 782 1772 τοῦ
799 1743 1003 1784 Θαργηλιῶνος
1018 1743 1180 1782 ἱσταμένου.
1221 1743 1255 1772 In
1268 1750 1316 1773 ta-

166 1784 250 1816 libus
266 1784 426 1815 enimvero
447 1794 546 1826 pauca
566 1783 688 1814 abunde
703 1792 783 1815 sunt.
826 1785 888 1815 Hic
910 1784 1073 1814 criminosa
1095 1786 1250 1816 Plutarchi
1264 1796 1314 1817 ac-

171 1827 288 1858 cusatio
304 1826 439 1869 Malign.
454 1838 484 1868 p.
499 1830 570 1858 861.
585 1828 616 1858 F.
634 1827 804 1857 Herodotum
821 1827 988 1868 asperrime
1004 1827 1167 1869 stringens,
1181 1838 1315 1859 examen

169 1878 318 1901 meretur.
360 1871 467 1911 Negat
483 1872 533 1904 τῆς
550 1871 724 1903 πανσελήνου
739 1870 889 1911 religione
905 1871 1070 1911 Spartanos
1085 1870 1123 1901 ab
1138 1870 1315 1912 expeditio-

172 1911 264 1944 nibus
278 1911 469 1949 abstinuisse,
481 1912 626 1943 audacter
638 1923 673 1942 ea
688 1913 719 1942 in
742 1923 776 1943 re
793 1914 957 1949 Pausaniae,
973 1914 1110 1949 Luciano,
1124 1912 1148 1944 si
1170 1921 1275 1944 tamen
1291 1914 1316 1944 is

170 1962 280 1986 auctor
293 1956 512 1999 ’Aoergoaoya‘nffi
536 1956 573 1987 C.
595 1959 645 1986 25.
668 1955 810 1997 scriptori
835 1957 905 1998 neg}
928 1956 1081 1996 ποταμῶν,
1095 1955 1143 1986 cui
1159 1957 1316 1988 Plutarchi

170 2008 284 2029 nomen
300 1997 459 2039 inponitur
476 1999 658 2040 Hermogeni,
672 2006 702 2028 et
725 2008 802 2040 quos
816 1997 920 2038 plures
945 2000 987 2029 Io.
1011 2000 1163 2029 Meursius
1180 1998 1316 2030 Miscell.

164 2042 288 2072 Lacon.
302 2051 342 2076 11,
357 2045 385 2072 9.
396 2040 721 2082 adpellavitmbnixm.
763 2041 818 2071 Ad
841 2041 911 2077 hoc,
931 2048 1027 2083 partae
1042 2041 1182 2072 victoriae
1203 2043 1314 2072 λίπει·

170 2083 287 2114 thoniae
297 2083 381 2114 diem
390 2094 434 2114 vx.
445 2082 536 2114 fuisse
548 2083 795 2119 Boe’dromionis,
806 2083 837 2113 in
849 2092 1036 2125 perpetuum
1047 2084 1113 2126 ejus
1127 2094 1314 2115 monumen-

167 2133 239 2156 tum
252 2125 291 2156 ad
302 2134 440 2168 posteros
451 2134 618 2157 sacratum:
637 2126 731 2167 quod,
745 2136 782 2156 ne
793 2126 990 2157 vacillantem
1002 2134 1103 2168 putes,
1113 2134 1160 2157 ter
1171 2126 1316 2165 insinuat,

170 2168 266 2199 etiam
280 2167 312 2199 in
328 2168 454 2200 Camilli
468 2169 534 2200 Vit.
552 2172 620 2199 133.
630 2170 674 2200 H.
683 2168 805 2200 Falsum
816 2176 982 2211 propterea
993 2169 1121 2211 largiter
1133 2170 1316 2208 Herodotum,

166 2210 246 2241 alios
257 2211 390 2253 turpiter
405 2211 667 2247 circumscribere,
680 2211 793 2242 coelum
808 2211 918 2253 ipsum,
930 2211 1053 2242 dierum
1067 2212 1230 2249 rationem,
1246 2223 1315 2243 om-

170 2263 226 2284 nes
241 2262 274 2284 re
289 2253 487 2286 confundere.
531 2255 643 2286 Gravis
657 2254 822 2298 profectio,
835 2254 1002 2293 accusatio,
1014 2254 1066 2287 sed
1077 2255 1108 2286 in
1124 2254 1315 2288 insectatoris
