1503 2636
460 248 594 278 NOTAE
614 248 661 278 m
681 228 850 280 mmmm
865 248 948 278 vn.
1196 245 1279 280 321

129 353 345 388 subducemus.
386 355 588 396 Apparatum
608 353 698 385 Darii
713 354 753 385 ad
767 363 887 385 novum
902 353 933 385 in
950 355 1078 385 Graecos
1090 353 1210 386 bellum
1222 353 1279 385 tri-

129 397 272 430 ennalem
287 397 421 439 signavit
437 398 473 429 C.
499 408 522 428 1.
535 397 708 439 adjungens
729 405 841 439 quarto
863 405 933 439 post
949 397 1187 429 Marathoniam
1200 408 1283 440 pug-

129 451 203 472 nam
214 451 295 472 anno
307 440 476 482 AEgyptios
491 440 670 471 descivisse:
695 447 764 471 tum
776 440 920 482 proximo
931 440 969 472 ab
980 451 1091 472 eorum
1106 440 1282 472 defectione

129 483 265 515 Darium
279 483 364 514 diem
375 483 484 514 obiisse
495 493 677 525 supremum
693 484 732 515 C.
752 488 782 514 4.
796 484 849 526 qui
872 484 999 525 quintus
1013 484 1124 526 utique
1140 495 1158 514 a
1172 483 1284 526 praelio

131 526 348 558 Marathonio.
390 527 571 568 Sequuntur
592 525 677 567 pleni
699 534 833 567 quatuor
848 523 930 564 anni,
951 538 969 558 a
988 529 1107 563 Xerxe,
1121 527 1153 558 in
1169 536 1284 568 conpa-

130 569 235 601 randis
249 569 288 600 ad
301 571 450 600 Graecum
465 568 584 599 bellum
598 567 691 599 rebus
713 569 847 600 absumti
869 571 1000 611 πέμπτῳ
1023 570 1049 601 δὲ
1072 571 1138 602 ’ές-εἲ
1154 572 1286 600 volvente

131 612 198 643 sive
216 615 379 654 procedante
393 625 464 642 anno
479 622 509 642 v.
523 622 578 642 rex
591 613 685 642 Persa
700 611 932 653 expeditionem
947 613 1136 655 ingreditur,
1149 612 1288 644 delatus-

131 665 194 697 que
210 656 314 686 Sardes
329 661 398 696 post
414 654 473 684 iter
489 653 620 696 longum
635 654 847 696 interquiescit
862 666 896 686 ac
913 655 1030 687 ibidem
1046 656 1185 687 hiemem
1199 663 1288 686 tran-

132 698 207 739 sigit
222 699 320 729 032.
333 707 406 728 vere
422 697 535 727 deinde
549 699 676 728 ineunte
687 697 842 738 Abydum
853 698 1059 740 proficiscitur
1072 702 1111 731 C.
1124 703 1175 731 37.
1189 697 1288 730 Unde

132 750 323 781 consequens
337 740 472 770 videtur.
482 747 518 770 ut
541 751 598 782 pro
616 742 756 771 Herodoti
769 740 940 772 rationibus
955 744 1024 773 Rex
1036 752 1079 773 xi.
1094 749 1164 783 post
1177 743 1290 772 Mara-

133 783 276 814 thoniam
301 783 423 814 cladem
448 793 529 813 anno
554 783 586 813 in
612 785 772 826 Europam
790 785 926 816 moverit
942 787 1142 826 Graecosque.
1192 785 1289 816 Certe

132 827 245 857 Iuliani
261 828 339 868 Imp.
354 827 411 857 Or.
426 837 448 856 Ι.
462 837 493 868 p.
507 829 558 856 42.
574 827 611 857 C.
624 827 724 869 χρόνος
748 828 816 858 ἒτῶν
831 828 881 858 οὐκ
898 829 1026 859 ἐλάσσων
1047 827 1129 865 δέκα,
1146 839 1164 858 a
1181 829 1292 858 Xerxe

134 869 167 900 in
181 868 257 900 belli
270 869 422 911 adparatu
432 869 593 905 insumtus‚
610 880 771 911 nunquam
793 871 954 911 procedet,
978 870 1035 901 nisi
1058 871 1147 902 Darii
1172 881 1202 902 v.
1216 869 1292 901 anni

135 911 251 943 auxilio
275 912 411 948 veniant,
437 923 475 943 ex
501 912 752 943 doctissimorum
780 924 920 945 Virorum
940 916 1060 945 Petavii
1074 921 1106 945 et
1122 914 1292 956 Spanbemii

135 965 272 986 censura.
304 957 402 996 Iunge
430 957 538 986 Duker.
564 955 603 985 ad
632 956 782 997 Thucydid.
807 966 829 992 1,
860 960 908 987 18.
932 965 974 993 et,
998 968 1093 998 quem
1110 956 1162 988 ille
1177 956 1294 987 merito

135 997 287 1034 laudavit,
302 999 348 1028 H.
361 999 534 1040 Alpheninm
557 998 589 1028 in
613 999 817 1030 Conmentar.
837 1000 1032 1042 Chronolog.
1053 999 1092 1031 ad
1109 1001 1242 1031 Danielis
1254 999 1294 1031 C.

140 1051 184 1071 lx.
200 1042 287 1071 Part.
302 1051 356 1071 111.
371 1042 408 1072 C.
423 1045 452 1072 3.
496 1043 611 1072 Wnss.

182 1085 260 1126 Pag.
275 1087 346 1114 214.
358 1086 379 1114 l.
391 1088 421 1114 4.
437 1085 488 1114 Τόν
500 1085 653 1117 *Ελλῆσσιπ
669 1086 688 1115 ἒ.
710 1085 874 1128 τριηκοσίας
898 1086 1046 1117 ἐπικέσθαι
1060 1100 1093 1126 μ.
1109 1085 1157 1128 ππ]
1172 1087 1235 1117 Suo
1249 1085 1294 1117 sic

139 1137 228 1157 more
250 1126 371 1168 scripsit
391 1128 500 1158 Herod.
518 1138 577 1169 pro
602 1129 650 1159 ἐπὶ
673 1128 720 1158 τᾶν
744 1126 961 1161 εΕλλἧοηίτόνίντν
983 1131 1112 1160 ἐκέλευσε
1129 1129 1294 1172 τριηκοσίαις

142 1170 252 1200 ἱκέσθαι
273 1171 404 1210 μάστιγι
427 1172 562 1210 πληγείς·
583 1170 641 1201 hac
665 1171 776 1213 opinor
798 1172 917 1202 ratione
936 1172 1085 1203 collocata
1107 1172 1156 1203 vir
1171 1174 1214 1204 D.
1232 1182 1296 1202 non

142 1213 309 1243 censuisset
331 1213 489 1244 tentanda.
603 1216 748 1244 Insanum
772 1222 942 1256 utrumque
968 1215 1096 1251 facinus,
1110 1226 1173 1256 quo
1195 1214 1298 1246 fertur

140 1255 239 1286 iratus
249 1257 371 1286 Xerxes
381 1256 413 1286 in
422 1267 508 1287 mare
518 1256 650 1288 saeviisse
664 1257 796 1299 flagellis
810 1265 841 1288 et
857 1258 1023 1300 compedes
1034 1258 1201 1295 demisisse,
1211 1257 1298 1299 quod

143 1300 319 1330 Herodotum
342 1300 464 1340 sequuti
485 1299 613 1341 plurimi
636 1308 895 1338 commemorant,
917 1303 1069 1331 Brissanio
1083 1301 1199 1342 partim
1210 1300 1299 1332 citati

144 1342 184 1372 de
204 1343 248 1372 R.
269 1343 306 1372 P.
321 1352 378 1378 111,
390 1353 422 1383 p.
444 1346 523 1373 4‘20.
539 1342 617 1373 illud
642 1343 789 1384 equidem
811 1354 829 1374 a
845 1344 964 1375 Graecis
975 1343 1144 1375 confictum
1159 1344 1299 1386 suspicor

144 1394 216 1415 cum
235 1385 289 1415 Th.
312 1385 436 1416 Stanleio
458 1386 498 1416 ad
521 1387 657 1428 AEschyli
680 1388 767 1417 Pers.
786 1397 817 1417 v.
838 1389 912 1419 752.
933 1387 1020 1429 cujus
1036 1388 1140 1418 locum
1155 1386 1300 1418 adhibuit

144 1427 191 1458 111.
207 1428 245 1458 E.
262 1428 412 1469 spanhem.
426 1427 466 1458 ad
480 1430 588 1459 Iulian.
602 1440 633 1470 p.
650 1432 718 1460 195.
740 1431 791 1460 De
801 1430 881 1460 mari
896 1430 1043 1472 pontibus
1057 1438 1154 1461 strato
1170 1431 1301 1472 AEschy-

145 1472 190 1502 lus
206 1477 251 1500 est
261 1470 497 1516 (intelligendus,
511 1478 546 1502 ut
561 1471 626 1513 ejus
641 1479 733 1503 aetate
755 1471 861 1503 fabula
875 1473 1017 1504 nondum
1032 1473 1130 1514 vulgo
1145 1473 1237 1504 fuisse
1251 1472 1301 1503 vi-

146 1513 259 1544 deatur
273 1521 417 1554 recepta:
450 1514 489 1544 de
512 1513 577 1545 filio
601 1515 716 1545 Darius
740 1526 778 1556 ap
802 1517 934 1558 AEschyl.
955 1516 1056 1552 ’Ὀστις
1081 1517 1303 1550 Ἑλλήσποντον

149 1557 214 1599 ἱρὸν,
227 1554 322 1586 δοῦλον
337 1558 384 1592 ὣς,
400 1555 582 1596 δεσμώμασιν
597 1558 726 1588 ''Ham-ms
750 1559 876 1598 σχήσειν.
991 1561 1052 1596 καὶ,
1080 1559 1177 1594 πέδαις
1193 1568 1300 1602 σφυρη-

150 1600 252 1632 λάτοις
271 1600 453 1641 Πεξιέαλὼν,
465 1601 580 1632 πολλὴν
595 1601 722 1631 κέλευθον
751 1602 844 1634 ἤνυσεν
866 1605 973 1642 πολλῷ
986 1606 1114 1644 στρατῷ.
1158 1605 1206 1633 Ira
1220 1602 1304 1644 regis

149 1641 191 1672 ob
207 1649 337 1683 pontem
352 1642 384 1672 vi
398 1643 593 1683 tempestatis
614 1643 790 1684 disjectum,
810 1652 903 1686 atque
926 1645 1033 1676 isthaec
1048 1646 1184 1689 AEschyli
1196 1645 1304 1676 Athe-

150 1685 199 1715 nis
221 1684 384 1716 decantata
405 1684 529 1715 facilem
551 1685 664 1716 fabulae
692 1686 848 1728 fingendae
871 1687 1005 1728 ingeniis
1026 1689 1144 1719 Atticis
1158 1688 1303 1730 praebue-

151 1734 228 1759 runt
243 1738 347 1758 ansam
366 1739 373 1756 ι
396 1728 459 1758 vid.
475 1730 608 1769 Diogenis
624 1731 729 1759 Lah'rt.
759 1731 894 1761 Prooem.
909 1731 940 1771 ᾗ.
961 1736 991 1763 9.
1020 1732 1109 1762 Istius
1123 1732 1182 1762 aevi
1199 1731 1302 1762 Persi-

153 1781 190 1802 ca
197 1778 403 1801 monumenta
414 1771 438 1800 si
454 1771 492 1802 ad
506 1782 562 1802 nos
575 1783 672 1812 usque
688 1773 909 1812 pervenissent,
929 1773 1032 1804 forsan
1046 1775 1304 1817 intelligeremus,

154 1813 253 1854 quod,
275 1813 372 1844 altera
397 1821 520 1844 tantum
546 1814 652 1845 audita
674 1823 773 1856 parte,
799 1823 830 1846 et
854 1817 929 1857 quid
952 1824 1057 1848 nostra
1073 1825 1164 1849 aetate
1179 1818 1303 1848 eveniat

154 1856 365 1897 cogitantibus
378 1856 467 1887 nobis
485 1864 568 1887 certe
590 1857 662 1888 licet
676 1857 833 1899 suspicari,
854 1860 1018 1890 mendaces
1033 1860 1132 1891 multa
1148 1860 1186 1890 de
1205 1860 1306 1891 Persis

154 1898 230 1929 falsa
245 1898 334 1929 nobis
349 1901 478 1930 Graecos
491 1900 801 1942 tradidisse‚suasque
811 1912 933 1942 semper
943 1913 992 1932 res
1003 1903 1204 1943 amplificasse
1219 1905 1308 1934 Dion.

157 1943 261 1984 Chrys.
283 1943 340 1973 Or.
358 1953 402 1972 XI.
416 1953 446 1984 p.
463 1946 531 1974 191.
546 1944 587 1973 D.
611 1942 718 1986 ἀνδρὸς,
741 1943 842 1985 inquit
864 1946 975 1979 ’ἥκουσα
999 1945 1094 1977 Μήδου
1109 1948 1246 1987 λέγοντος
1261 1947 1306 1977 ἔτι

155 1983 228 2017 affini
243 1986 427 2025 ὁμολογοῦσιν
441 1986 466 2016 οἷ
482 1985 591 2028 Πέρσαι
606 1987 661 2017 τῶν
677 1992 760 2028 πειραὶ
775 1989 980 2022 τοῗς“Ελλν,σι·
994 2003 1022 2019 κ.
1033 2002 1060 2019 ιτ.
1073 1997 1103 2019 λ.
1116 1991 1309 2020 VALCKEN.

201 2029 278 2069 Pag.
296 2031 367 2058 2253.
381 2030 401 2059 Ι.
419 2032 465 2058 11.
490 2031 546 2059 Καὶ
560 2031 659 2068 μῆλα,
673 2031 698 2060 οἱ
711 2031 857 2071 ἄγχιστα,
875 2031 947 2074 &c.]
963 2031 1053 2062 Nlala
1065 2034 1189 2063 Persica
1204 2044 1240 2064 ex
1253 2043 1308 2063 au-

157 2080 194 2101 ro
210 2070 280 2100 imis
294 2070 395 2101 adfixa
404 2071 497 2101 hastis
506 2072 680 2113 gestabant,
693 2074 739 2103 ἐπὶ
755 2075 809 2104 ’τοῖν
821 2075 970 2116 στυράκων
981 2077 1068 2114 μῆλα
1079 2078 1180 2118 χρυσᾶ
1191 2078 1308 2116 ’ἔχοντες

160 2113 312 2144 Athena-us
328 2124 388 2144 ΧΠ.
402 2125 432 2155 p.
448 2117 519 2145 514.
534 2116 572 2146 C.
624 2116 708 2146 Hinc
736 2115 780 2146 illi
809 2118 979 2160 Μηλοφόξοι,
993 2129 1054 2148 non
1071 2119 1121 2149 alii
1136 2130 1168 2150 ac
1185 2121 1309 2159 αἰχμα-

161 2156 236 2196 φόροι
252 2157 370 2192 hastati,
383 2157 436 2198 qui
454 2159 617 2188 Persarum
635 2158 814 2189 nobilissimi
837 2168 907 2201 post
928 2160 1010 2202 regis
1023 2161 1203 2192 vehiculum
1225 2162 1310 2192 ince-

130 2208 132 2210 ’
162 2197 295 2230 debant:
322 2209 393 2229 nam
410 2211 543 2240 quorum
566 2201 597 2231 in
621 2200 715 2232 hastis
738 2202 860 2233 extimis
882 2202 964 2234 mala
985 2205 1098 2245 punica
1123 2215 1224 2241 aurea,
1238 2206 1310 2246 ῥοιαὶ

162 2242 299 2314 χςιιῐσὲαι,
312 2241 360 2316 les
374 2242 460 2276 locus
473 2251 539 2277 erat
554 2251 624 2277 ante
640 2244 746 2278 decem
759 2245 879 2278 Nisaeos
889 2256 993 2288 equos,
1009 2247 1188 2290 spiculaque
1203 2248 1235 2279 in
1250 2247 1309 2279 hu·

241 2293 303 2315 ou.
353 2307 360 2316 .
1018 2300 1051 2330 X
