1503 2636
208 226 289 260 322
525 229 658 258 NOTAE
680 228 728 257 IN
751 229 923 259 LIBRUM
951 231 1032 259 VII.

205 341 295 364 mum
310 344 415 366 versus
429 332 552 371 inflexa,
571 343 644 365 cum
657 333 770 366 hastati
793 335 952 378 Μαλοφᾶςω
967 334 1069 366 hastas
1090 336 1174 366 κατὰ
1197 336 1285 376 νόμον,
1305 336 1352 367 uti

205 385 274 407 mos
287 377 419 413 ferebat,
433 384 550 408 erectas
565 376 762 408 ostenderent
777 385 808 409 et
821 377 987 409 vibrarent.
1017 379 1098 409 Haec
1112 378 1213 420 plana.
1239 380 1354 410 Wzss.

248 421 324 462 pag.
335 424 406 451 2653.
420 423 439 451 l.
456 424 504 451 ll.
518 420 599 454 ”law
622 421 672 451 οὐκ
695 420 834 463 ἓχούσας]
858 422 891 451 In
916 420 1033 451 Glossis
1054 422 1115 456 ἴτυς
1131 422 1217 452 umbo.
1231 429 1263 452 et
1278 421 1351 452 inde

207 462 297 492 Vala.
342 462 453 506 Clypei
468 462 604 494 ambitus
617 470 648 494 et
664 462 786 493 labrum
799 471 844 494 est
859 474 896 494 ex
916 463 1010 500 ferro,
1024 465 1138 506 Polybin'
1151 463 1272 508 σιδηροῦν
1287 466 1351 495 σιώ-

203 511 294 544 λωμα
309 508 349 537 L.
362 517 410 543 Vl,
420 509 470 537 21.
485 505 523 536 ab
533 507 642 536 umbone
651 505 826 547 discrepans
836 514 867 536 et
878 513 1045 537 remotum.
1089 506 1261 554 Phoenices
1271 509 1351 548 pelta

202 548 459 590 protegebantur.
475 549 594 586 Πέλτη,
608 550 695 583 ἀσπὶς
705 550 766 579 ἴτυν
777 550 827 579 οὐκ
839 549 952 589 ’ἔχουσα
968 559 1017 590 ap.
1033 550 1214 591 Hesychium.
1256 549 1351 591 Quod

169 621 172 624 Δ
203 602 299 635 porro
314 592 353 622 de
369 592 555 623 Phoenicum
570 591 679 633 primis
693 591 732 622 ad
746 602 832 622 mare
843 591 958 622 rubens
967 591 1090 622 sedibus
1101 592 1248 629 succedit,
1261 603 1351 634 pror-

203 647 253 668 sus
267 634 416 672 notabile,
437 634 582 675 congruit
608 635 647 664 L.
678 644 701 670 1,
725 645 746 665 1.
770 642 802 665 et
827 634 917 665 sacris
943 636 1042 665 Mosis
1059 636 1241 676 Vatumque
1255 635 1354 672 hbris,

200 679 382 719 mirumque
411 678 533 713 accidit,
558 676 596 707 ab
612 676 746 718 egregiis
760 676 834 707 viris
860 678 891 707 S.
917 678 1068 713 Bocharto,
1085 679 1182 726 Camp.
1199 679 1353 719 Vitringa‚

202 722 306 752 Hadr.
320 722 454 757 Relatio,
470 719 605 761 origines
629 719 861 750 Philistaeorum
885 719 1119 761 vestigantibus,
1146 730 1271 762 msuper
1295 720 1350 751 ha-

201 763 279 796 beri.
322 764 428 794 Nemo
441 762 638 799 infitiabitur,
660 762 840 793 Palaestinos
863 762 1108 804 Philistaeosque
1130 763 1255 794 eosdem
1277 773 1349 794 cen-

201 807 271 838 seri.
315 807 529 837 Recensentur
551 805 582 835 in
607 805 738 846 posteris
761 805 953 841 Mitzraimi,
966 805 1030 836 sive
1045 816 1082 836 ex
1110 806 1257 848 AEgypto
1276 806 1350 842 orti,

201 849 375 881 Casluchaei
390 857 422 880 et
436 848 652 890 Caphffloraei,
665 847 737 878 hinc
754 847 904 879 Philistaei
921 850 1018 879 Genes.
1033 850 1071 880 C.
1084 859 1115 884 x,
1138 852 1189 878 14.
1204 850 1348 880 Deutero-

199 905 270 923 nom.
286 894 323 924 C.
338 903 380 929 11,
392 896 444 929 22,
458 899 489 922 et
506 893 603 922 Amos.
619 892 656 922 C.
675 901 718 927 1x‚
739 895 769 921 7.
789 892 935 928 Tractus,
955 901 1050 932 quem
1069 891 1215 933 primitus
1229 890 1347 922 habue-

198 943 285 972 runt,
298 936 378 966 mari
393 943 459 966 erat
473 933 582 971 adfinis
597 941 628 964 et
643 933 724 965 forte
746 933 886 965 insularis
897 945 934 965 ex
956 936 1058 964 Ierem.
1071 944 1178 970 nvn,
1190 938 1221 965 4.
1261 933 1350 965 Talis

202 985 309 1009 autem
324 978 363 1009 ad
379 978 480 1009 sinum
495 976 682 1013 Arabicum,
696 987 831 1019 eumque
846 977 998 1007 extimum
1013 977 1278 1014 conmodissimus,
1290 987 1349 1008 un-

203 1020 243 1052 de
253 1028 324 1052 ante
338 1021 440 1052 Mosis
462 1027 589 1052 aetatem
606 1020 761 1062 progressi
776 1019 929 1050 inferioris
943 1020 1079 1062 AEgypti
1094 1027 1216 1061 partem
1228 1020 1350 1051 insede-

203 1070 279 1095 runt
294 1065 390 1095 Exodi
405 1065 444 1096 C.
456 1074 534 1099 x111,
549 1065 597 1094 17.
641 1064 720 1103 Quae
735 1063 874 1104 quidem,
890 1072 962 1094 cum
979 1062 1129 1094 Philistaei
1144 1062 1265 1104 origine
1279 1062 1348 1094 fue-

202 1106 266 1138 rint
282 1106 437 1148 AEgyptia
460 1114 491 1137 et
514 1116 612 1148 prope
635 1107 816 1147 AEgyptum
839 1105 1007 1137 habitarint
1030 1105 1116 1142 olim,
1133 1112 1350 1147 testenturque

201 1149 272 1191 ipsi,
286 1160 354 1180 suos
369 1149 503 1191 majores
517 1149 556 1179 ad
579 1147 711 1179 rubrum
733 1149 897 1179 accoluisse
914 1149 1060 1190 primitus
1081 1158 1178 1185 mare,
1191 1147 1348 1179 credibili-

199 1203 256 1223 ora
267 1192 426 1229 videntur,
447 1203 542 1234 quam
556 1191 676 1222 insueto
690 1191 799 1222 itinere
821 1191 852 1222 in
869 1191 1054 1223 Colchidem
1069 1198 1100 1222 et
1115 1191 1345 1233 Cappadociam

200 1245 274 1266 cum
290 1236 431 1266 Bocharto
445 1246 497 1266 eos
511 1235 624 1265 ducere
639 1241 671 1265 et
685 1234 716 1265 in
739 1234 938 1266 Palaestinam
955 1234 1116 1270 reducere,
1128 1243 1271 1276 aut,quae
1291 1236 1348 1264 Vi-

198 1280 302 1319 tringae
324 1279 503 1310 Comment.
525 1277 565 1308 ad
587 1279 685 1308 Esaiae
707 1278 746 1308 C.
764 1288 830 1309 xw.
853 1288 882 1320 p.
897 1281 968 1310 449.
991 1277 1153 1314 divinatio,
1166 1288 1203 1308 ex
1218 1277 1346 1319 regione

201 1321 375 1362 Cyrenaica
389 1328 420 1352 et
437 1322 540 1353 Creta.
584 1320 681 1352 Venit
695 1320 810 1353 horum
826 1331 898 1363 pars
911 1320 944 1352 in
970 1319 1053 1353 Nob.
1073 1322 1217 1353 Palmerii
1237 1322 1346 1352 Exere.

202 1373 236 1406 p.
249 1366 299 1396 35.
313 1364 527 1407 cogitatIOnes.
552 1365 667 1396 Wsss.

548 1724 666 1753 FINIS
684 1723 797 1753 TOMI
815 1723 991 1761 QUINTI.
