1503 2636
406 463 596 506 NOTAE
617 462 686 505 IN
706 462 938 506 LIBRUM
962 458 1049 506 Vl‘.

638 678 800 706 ΙΙ

197 838 273 880 Pag.
287 840 315 868 8.
329 838 348 868 Ι.
366 836 575 876 12.”Ετεμπαν
590 836 776 880 τροξοόλαυς]
790 835 908 868 Docuit
929 847 969 867 ex
987 834 1178 879 Philosopho
1197 835 1302 869 Polie

156 890 202 917 zv,
227 884 274 910 14.
295 882 425 916 Budaeus,
448 879 617 922 τροέοάλους
640 879 670 910 ἰη
694 879 824 911 Graeciae
847 879 1021 910 civitatibus
1035 878 1136 916 fuisse,
1151 879 1205 921 qui
1218 888 1292 911 ante

155 923 262 954 sedulo
287 922 504 960 consultarent,
528 933 622 964 quam
645 922 684 953 ad
705 921 857 965 populum
879 921 1076 953 deliberanda
1091 922 1292 960 referrentur,

153 974 247 1007 atque
262 965 334 997 inde
343 964 480 997 Athenis
493 965 694 1008 πρὸξουλεύειν,
707 978 732 996 or
748 964 948 1004 οέαυλεῦματα
969 964 1053 1006 apud
1068 967 1216 996 Oratores
1230 967 1291 996 De-

153 1010 328 1046 mosthenem,
341 1009 517 1044 AEscbinem,
533 1010 663 1050 Lysiam,
677 1008 730 1050 qui
755 1019 788 1038 us
797 1014 889 1049 atque
907 1009 1130 1049 Harpocrationi
1143 1007 1292 1039 molestus

151 1061 216 1083 non
230 1061 308 1082 sum.
338 1052 496 1094 Πρόξουλω
509 1050 559 1082 hic
574 1059 644 1082 sunt
659 1050 763 1093 legati,
773 1050 812 1081 ad
823 1060 987 1081 commune
1001 1052 1111 1082 Ionum
1126 1051 1165 1081 de
1190 1051 1293 1093 gentis

152 1092 252 1125 salute
266 1093 442 1125 consultum
455 1093 549 1131 missi,
558 1093 603 1124 uti
614 1095 653 1124 L.
669 1104 693 1130 1,
709 1096 777 1124 170.
791 1093 885 1124 Tales
905 1093 1054 1136 πςόξοολοι
1069 1096 1119 1128 τῆς
1133 1092 1290 1129 Ἑλλάδος,

154 1135 247 1168 simili
261 1147 365 1168 caussa
378 1136 417 1167 ad
433 1136 585 1167 Isthmum
600 1136 693 1172 missi,
708 1138 747 1166 L.
761 1146 824 1172 vn,
840 1139 907 1166 172.
923 1136 1023 1167 indice
1039 1138 1139 1167 Porto.
1177 1138 1293 1166 Wtss.

187 1180 343 1220 ’‘Exest-zoro*
358 1179 528 1222 προξσῦλσυς
643 1181 666 1213 ἐς
681 1177 844 1220 Πανιώνιον]
866 1179 915 1208 De
931 1189 990 1209 xn-
1004 1178 1098 1210 Ioniae
1114 1178 1292 1209 civitatibus

153 1221 310 1253 foederatis
323 1229 395 1253 octo
405 1229 529 1253 tantum
545 1222 584 1252 ad
596 1221 673 1252 illud
685 1231 850 1252 commune
861 1221 962 1262 gentis
973 1220 1138 1252 concilium
1149 1232 1218 1252 suos
1230 1221 1290 1253 hoc

152 1272 219 1296 tem
244 1275 297 1295 ore
322 1264 438 1296 misisse
460 1264 608 1295 videntur
632 1263 763 1306 legatos,
784 1263 823 1295 de
847 1274 880 1294 re
906 1274 1027 1295 summa
1041 1264 1265 1295 consultaturos
1280 1277 1289 1303 3

151 1307 212 1339 toti
235 1317 286 1337 ern
301 1307 385 1338 enim
401 1315 523 1338 tantum
538 1314 753 1338 memorantur
767 1317 833 1348 cap.
846 1317 908 1348 seq.
926 1317 996 1348 quae
1011 1317 1069 1349 pro
1083 1307 1145 1338 suis
1159 1318 1291 1349 quaeque

149 1349 270 1381 viribus
290 1360 384 1381 naves
397 1349 543 1381 adversus
558 1351 666 1381 Persas
684 1348 893 1380 instruxerim.
908 1351 1028 1380 Praeter
1043 1349 1114 1380 istas
1128 1350 1160 1380 in
1176 1351 1291 1381 Πανιώ-

151 1406 201 1424 νιον
216 1392 382 1424 convenire
403 1400 566 1423 sueverant
588 1391 725 1434 Ephesii,
746 1391 946 1433 Colophonii,
964 1391 1107 1429 Lebedii,
1130 1400 1162 1423 et
1177 1392 1292 1425 Clazo-

149 1435 257 1467 menii.
297 1436 452 1466 Recenset
465 1435 537 1466 istas
549 1435 715 1466 duodecim
726 1435 866 1466 civitates
881 1435 988 1465 Herod.
1004 1445 1026 1471 1,
1043 1447 1068 1466 c.
1085 1439 1154 1466 142.
1165 1445 1234 1476 quae
1251 1435 1291 1467 de

150 1477 254 1520 gentis
273 1478 400 1509 nomine
420 1477 575 1520 templum
597 1478 747 1508 Πανιώνιον
770 1478 889 1508 dictum
918 1477 1123 1514 condiderint,
1144 1478 1230 1520 cujus
1244 1479 1291 1510 sui

149 1519 275 1563 generis
287 1519 362 1552 alios
375 1519 476 1551 nullos
489 1520 645 1552 voluerint
660 1531 722 1552 esse
733 1519 918 1562 participes:
935 1519 1008 1551 vide
1023 1520 1106 1552 Clar.
1125 1523 1169 1551 W
1167 1524 1292 1564 esseling.

150 1563 192 1594 ad
207 1564 329 1594 Diodori
341 1573 395 1600 xv,
409 1573 433 1594 c.
447 1566 498 1595 49.
541 1565 661 1594 Praeter
686 1570 805 1594 ceteros
829 1563 880 1594 τοῦ
904 1563 1058 1595 Πανιωνίου
1079 1564 1290 1595 meminerunt

151 1605 273 1649 Diogen.
286 1607 390 1637 La'e'rt.
405 1616 427 1642 1,
442 1609 485 1636 40
501 1606 628 1636 Pausan.
642 1616 704 1642 VII,
717 1616 747 1647 p.
757 1609 830 1637 529.
847 1608 919 1637 582.
935 1608 1033 1637 Max.
1055 1607 1126 1649 Tyr.
1145 1617 1248 1645 xxvu,
1262 1611 1293 1638 2.

151 1648 208 1680 vid
230 1651 302 1692 App
329 1650 408 1680 Vitic
423 1650 518 1679 Prov.
531 1652 630 1684 11,43.
643 1656 675 1679 et
690 1659 735 1685 lv,
752 1658 790 1679 11.
831 1649 1022 1680 VALCKEN.

194 1693 270 1734 Pag.
288 1694 336 1722 11.
349 1693 369 1722 l.
385 1695 433 1722 10.
445 1690 521 1722 Οὔτε
537 1692 578 1722 τὰ
587 1691 648 1733 ἱεραὶ
670 1691 734 1722 οὔτε
750 1692 791 1722 τὰ
805 1690 866 1722 ἴδια
881 1691 1073 1734 {taorgio-serat]
1089 1692 1161 1723 Hoc
1177 1702 1215 1723 an
1237 1694 1289 1732 ἔμ-

149 1736 331 1778 πετςῆσεται
345 1744 383 1765 ex
399 1735 485 1765 Med.
498 1733 728 1776 praeferendum
750 1734 800 1771 sit,
819 1734 871 1765 vix
893 1733 1007 1775 poterit
1022 1734 1178 1772 constitui,
1191 1745 1290 1776 quum

147 1785 318 1819 utrumque
329 1777 367 1808 sit
379 1776 418 1807 ad
432 1786 575 1807 normam
583 1784 737 1813 veterum,
748 1787 825 1818 quos
835 1776 973 1808 imitatus
984 1778 1110 1808 Pausan.
1122 1788 1168 1814 ιν,
1177 1788 1207 1819 p.
1220 1782 1292 1810 297.

148 1819 270 1862 scripsit
283 1821 453 1853 συλήσεσθαι
467 1818 494 1850 δέ
509 1827 586 1860 σφισι
600 1820 652 1850 καὶ
667 1821 707 1850 τὰ
726 1820 786 1862 ιἐξδε
798 1821 849 1851 καὶ
864 1821 918 1854 τὰς
935 1818 1079 1863 πατρίδας
1091 1821 1289 1863 ἐμπρήσεσθαι.

149 1861 293 1894 Alterius
305 1862 428 1905 generis
441 1862 524 1904 apud
539 1864 757 1904 Aristophanem
767 1861 967 1894 inveniuntur
978 1864 1166 1906 περιέξεται·
1181 1866 1290 1895 ἀποκε-

147 1905 304 1945 κόψονται·
324 1905 531 1937 κεκλαύσεται·
553 1905 745 1944 πεπλήξεται·
766 1906 1004 1948 ἐγγεγράψεται·
1027 1905 1217 1946 κεκλήσομαι*
1239 1914 1297 1938 λε··

149 1948 295 1987 λήψεται·
305 1955 498 1991 postremum
512 1947 739 1979 restituendum
753 1956 799 1979 est
813 1948 845 1979 in
859 1948 974 1980 Nubib.
988 1959 1018 1979 v.
1034 1951 1125 1979 1310.
1139 1957 1171 1980 et
1184 1948 1287 1980 forsan

148 1990 182 2021 in
197 1992 303 2034 Eur-ip.
318 1992 413 2022 Herc.
429 1993 500 2022 Fur.
513 2002 544 2022 v.
554 1994 626 2022 729.
639 2001 698 2032 pro
712 1991 870 2031 γενήσεται·
883 1991 940 2021 nisi
950 1990 1180 2032 praeferendum
1196 1992 1234 2023 sit
1245 1991 1289 2023 3⁵-

148 2032 274 2067 δῆσεται·
289 2034 348 2065 hoc
363 2033 416 2065 ubi
432 2036 539 2065 Maeris
555 2034 716 2065 adnotavit
731 2033 819 2075 plura
834 2033 921 2065 dedit
933 2034 981 2066 Cl.
993 2035 1121 2065 Pierson.
1134 2052 1178 2058 —
1191 2036 1289 2066 Hero-

149 2079 227 2107 dotus
239 2078 279 2108 τὰ
294 2077 341 2120 ἱρὰ
356 2084 387 2108 et
404 2078 444 2108 τὰ
458 2076 518 2107 ἴδια
534 2075 674 2108 similiter
688 2077 817 2118 opponit
832 2088 857 2108 c.
875 2080 921 2107 13.
936 2084 967 2108 et
982 2088 1059 2114 v111‚
1076 2088 1101 2108 c.
1119 2081 1189 2113 109,
1203 2079 1287 2109 Pers.

150 2119 192 2150 τὰ
214 2119 262 2162 ἱροὶ
287 2121 338 2150 καὶ
361 2121 401 2151 τὰ
422 2119 482 2150 ἴδια
504 2121 528 2151 ἒν
543 2119 626 2160 ὅμοῖῳ
648 2120 778 2156 brukei-0,
801 2120 947 2163 ἔμπιπςάς
965 2120 1025 2150 &c.
1044 2122 1167 2150 Deorum
1182 2123 1289 2162 templa

149 2161 312 2203 designans
325 2172 380 2204 per
393 2163 432 2194 τὰ
448 2163 505 2206 ἱρὰ,
528 2173 583 2204 per
605 2163 646 2193 τὰ
669 2162 730 2193 ἴδια
752 2173 814 2194 non
835 2162 1031 2204 privatorum
1046 2170 1169 2194 tantum
1192 2163 1289 2201 aedes,

147 2203 203 2235 sed
217 2207 334 2246 quavis,
345 2205 471 2248 templis
492 2205 618 2247 aliisque
632 2205 706 2236 locis
727 2205 818 2237 sacris
838 2206 974 2247 exceptis
993 2206 1108 2248 aedfficia
1122 2205 1286 2236 civitatum

148 2248 322 2289 praesertim
330 2249 456 2291 publica,
468 2247 570 2292 qualia
578 2248 734 2282 veteribus
742 2251 798 2285 τοῖς
814 2250 890 2293 ἱεροῖς
903 2248 1043 2293 opposita
1057 2249 1121 2282 ὅσια
1131 2248 1289 2281 dicuntur.
